@ARTICLE{Bjornson2014, 
author={E. Bj√∂rnson and M. Bengtsson and B. Ottersten}, 
journal={IEEE Signal Processing Magazine}, 
title={Optimal Multiuser Transmit Beamforming: A Difficult Problem with a Simple Solution Structure [Lecture Notes]}, 
year={2014}, 
volume={31}, 
number={4}, 
pages={142-148}, 
keywords={Array signal processing;Transmission lines;Interference}, 
doi={10.1109/MSP.2014.2312183}, 
ISSN={1053-5888}, 
month={July},}

@InProceedings{Swannack2005,
  Title                    = {Finding NEMO: near mutually orthogonal sets and applications to MIMO broadcast scheduling},
  Author                   = {C. Swannack and E. Uysal-Biyikoglu and G. W. Wornell},
  Booktitle                = {2005 International Conference on Wireless Networks, Communications and Mobile Computing},
  Year                     = {2005},
  Month                    = {June},
  Pages                    = {1035-1040 vol.2},
  Volume                   = {2},

  Doi                      = {10.1109/WIRLES.2005.1549555},
  File                     = {:swannack2005.pdf:PDF},
  Keywords                 = {MIMO systems;broadcast channels;probability;radiocommunication;scheduling;MIMO broadcast scheduling;NEMO;channel vectors;mutually orthogonal sets;phase transition phenomenon;zero-forcing method;Application software;Broadcast technology;Broadcasting;Downlink;Information geometry;Laboratories;MIMO;Processor scheduling;Scheduling algorithm;Throughput}
}
